<?xml version="1.0" encoding="UTF-8"?>
<record xmlns="http://www.loc.gov/MARC21/slim" xmlns:xsi="http://www.w3.org/2001/XMLSchema-instance" xsi:schemaLocation="http://www.loc.gov/MARC21/slim http://www.loc.gov/standards/marcxml/schema/MARC21slim.xsd">
<leader>00000cam a2200241 a 4500</leader>
<controlfield tag="001">000753273</controlfield>
<controlfield tag="003">NNU</controlfield>
<controlfield tag="005">20060112123909.0</controlfield>
<controlfield tag="008">020528s1895    ae           f000 0 ara</controlfield>
<datafield tag="035" ind1="9" ind2=" ">
<subfield code="a">NYUb12546491</subfield>
</datafield>
<datafield tag="035" ind1=" " ind2=" ">
<subfield code="a">(NNU)NYUb12546491</subfield>
</datafield>
<datafield tag="035" ind1=" " ind2=" ">
<subfield code="a">(CStRLIN)NYUG02-B1968</subfield>
</datafield>
<datafield tag="040" ind1=" " ind2=" ">
<subfield code="a">MH</subfield>
<subfield code="c">MH</subfield>
<subfield code="d">CStRLIN</subfield>
</datafield>
<datafield tag="066" ind1=" " ind2=" ">
<subfield code="c">(3</subfield>
</datafield>
<datafield tag="090" ind1=" " ind2=" ">
<subfield code="a">KBP526</subfield>
<subfield code="b">.I26 1985</subfield>
</datafield>
<datafield tag="100" ind1="1" ind2=" ">
<subfield code="a">Ibn al-Khūjah, Muḥammad,</subfield>
<subfield code="d">1869-1942</subfield>
<subfield code="6">880-01</subfield>
</datafield>
<datafield tag="245" ind1="1" ind2="3">
<subfield code="6">880-02</subfield>
<subfield code="a">al-Iktirāth fī ḥuqūq al-ināth /</subfield>
<subfield code="c">Muḥammad ibn Muṣṭafá ibn al-Khūjah al-Jazāʼir.</subfield>
</datafield>
<datafield tag="260" ind1=" " ind2=" ">
<subfield code="a">[Algiers :</subfield>
<subfield code="b">Maṭbaʻat Funtānah,</subfield>
<subfield code="c">1985]</subfield>
</datafield>
<datafield tag="300" ind1=" " ind2=" ">
<subfield code="a">98 p. ;</subfield>
<subfield code="c">19 cm.</subfield>
</datafield>
<datafield tag="650" ind1=" " ind2="0">
<subfield code="a">Women (Islamic law)</subfield>
</datafield>
<datafield tag="650" ind1=" " ind2="0">
<subfield code="a">Women in Islam.</subfield>
</datafield>
<datafield tag="650" ind1=" " ind2="0">
<subfield code="a">Women's rights</subfield>
<subfield code="x">Religious aspects</subfield>
<subfield code="x">Islam.</subfield>
</datafield>
<datafield tag="880" ind1="1" ind2=" ">
<subfield code="6">100-01/</subfield>
<subfield code="a">ابن الخوجة، محمد.</subfield>
</datafield>
<datafield tag="880" ind1="1" ind2="3">
<subfield code="6">245-02/</subfield>
<subfield code="a">الاكتراث في حقوق الاناث /</subfield>
<subfield code="c">محمد ابن الخوجة الجزايري.</subfield>
</datafield>
<datafield tag="OWN" ind1=" " ind2=" ">
<subfield code="a">GENERAL</subfield>
</datafield>
<datafield tag="AVA" ind1=" " ind2=" ">
<subfield code="a">NYU50</subfield>
<subfield code="b">BOBST</subfield>
<subfield code="c">Main Collection</subfield>
<subfield code="d">KBP526 .I26 1985</subfield>
<subfield code="e">unavailable</subfield>
<subfield code="t">Unavailable</subfield>
<subfield code="f">1</subfield>
<subfield code="g">1</subfield>
<subfield code="h">N</subfield>
<subfield code="i">1</subfield>
<subfield code="j">MAIN</subfield>
<subfield code="k">0</subfield>
</datafield>
</record>
